@online{15-puzzle,
    title     = "The 15-puzzle",
    url       = "https://en.wikipedia.org/wiki/15_puzzle"
}

@online{bfs_image,
    title     = "Breadth-first search traversal order",
    url       = "https://upload.wikimedia.org/wikipedia/commons/thumb/3/33/Breadth-first-tree.svg/1200px-Breadth-first-tree.svg.png"
}

@online{dfs_image,
    title     = "Depth-first search traversal order",
    url       = "https://upload.wikimedia.org/wikipedia/commons/1/1f/Depth-first-tree.svg"
}

@online{iddfs_image,
    title     = "Iterative deepening depth-first search traversal order",
    url       = "https://slideplayer.com/slide/9285827/28/images/43/Iterative+deepening+search.jpg"
}

@online{bfs2_image,
    title     = "Best-first search traversal order showing the weights of the nodes",
    url       = "http://www.stoimen.com/blog/wp-content/uploads/2012/09/4.-BFS-problems.png"
}

@online{astar_image,
    title     = "A* traversal order",
    url       = "https://i.ytimg.com/vi/Fwt9jhsCjC0/maxresdefault.jpg"
}

@inproceedings{GCAI2017:Enhanced_Simplified_Memory_bounded_Star,
  author    = {Justin Lovinger and Xiaoqin Zhang},
  title     = {Enhanced Simplified Memory-bounded A Star (SMA*+)},
  booktitle = {GCAI 2017. 3rd Global Conference on Artificial Intelligence},
  editor    = {Christoph Benzm\textbackslash{}"uller and Christine Lisetti and Martin Theobald},
  series    = {EPiC Series in Computing},
  volume    = {50},
  pages     = {202--212},
  year      = {2017},
  publisher = {EasyChair},
  bibsource = {EasyChair, https://easychair.org},
  issn      = {2398-7340},
  url       = {https://easychair.org/publications/paper/TL2M},
  doi       = {10.29007/v7zc}}

@online{smastar_image,
    title     = "SMA* logic",
    url       = "https://image.slidesharecdn.com/lecture-18simplifiedmemoryboundastaralgorithm-170131122654/95/lecture-18-simplified-memory-bound-a-star-algorithm-4-638.jpg?cb=1485865653
"
}






